<record><leader>00000cas a2200000 a 4500</leader><controlfield tag="001">8811247</controlfield><controlfield tag="008">820927d18671904inudr ne      0   a0eng  </controlfield><datafield ind1=" " ind2=" " tag="010"><subfield code="a">sn 82015679 </subfield></datafield><datafield ind1=" " ind2=" " tag="040"><subfield code="a">DLC</subfield><subfield code="b">eng</subfield><subfield code="c">DLC</subfield><subfield code="d">NPX</subfield><subfield code="d">NPU</subfield><subfield code="d">NPY</subfield><subfield code="d">NPI</subfield><subfield code="d">DLC</subfield><subfield code="d">OCL</subfield><subfield code="d">YOX</subfield><subfield code="d">ONP</subfield><subfield code="d">KNP</subfield><subfield code="d">MGN</subfield><subfield code="d">NVF</subfield><subfield code="d">DLC</subfield><subfield code="d">OCLCQ</subfield><subfield code="d">DLC</subfield><subfield code="d">KRTAS</subfield><subfield code="d">CUI</subfield><subfield code="d">OCLCQ</subfield><subfield code="d">DLC</subfield><subfield code="d">OCLCF</subfield><subfield code="d">IUL</subfield></datafield><datafield ind1=" " ind2=" " tag="019"><subfield code="a">11247022</subfield></datafield><datafield ind1="0" ind2=" " tag="022"><subfield code="a">2332-0974</subfield><subfield code="l">2332-0982</subfield><subfield code="2">1</subfield></datafield><datafield ind1=" " ind2=" " tag="042"><subfield code="a">pcc</subfield><subfield code="a">nsdp</subfield></datafield><datafield ind1=" " ind2=" " tag="043"><subfield code="a">n-us-in</subfield></datafield><datafield ind1="0" ind2="0" tag="050"><subfield code="a">Newspaper</subfield></datafield><datafield ind1=" " ind2="4" tag="050"><subfield code="a">AN</subfield></datafield><datafield ind1="0" ind2="0" tag="082"><subfield code="a">071</subfield><subfield code="2">23</subfield></datafield><datafield ind1="0" ind2=" " tag="130"><subfield code="a">Indianapolis journal (Indianapolis, Ind. : Daily)</subfield></datafield><datafield ind1=" " ind2="4" tag="222"><subfield code="a">The Indianapolis journal</subfield><subfield code="b">(Indianapolis, Ind. Daily. Print)</subfield></datafield><datafield ind1="1" ind2="4" tag="245"><subfield code="a">The Indianapolis journal.</subfield></datafield><datafield ind1="3" ind2="0" tag="246"><subfield code="a">Sunday journal</subfield></datafield><datafield ind1="1" ind2="3" tag="246"><subfield code="a">Daily journal</subfield></datafield><datafield ind1=" " ind2=" " tag="260"><subfield code="a">Indianapolis [Ind.] :</subfield><subfield code="b">Douglass &amp; Conner,</subfield><subfield code="c">1867-1904.</subfield></datafield><datafield ind1=" " ind2=" " tag="300"><subfield code="a">38 v. :</subfield><subfield code="b">ill. ;</subfield><subfield code="c">56-57 cm.</subfield></datafield><datafield ind1=" " ind2=" " tag="310"><subfield code="a">Daily,</subfield><subfield code="b">Nov. 2, 1884-June 8, 1904</subfield></datafield><datafield ind1=" " ind2=" " tag="321"><subfield code="a">Daily (except Sunday),</subfield><subfield code="b">Sept. 3, 1867-Nov. 1, 1884</subfield></datafield><datafield ind1="0" ind2=" " tag="362"><subfield code="a">Vol. 17, no. 50 (Sept. 3, 1867)-v. 54, no. 160 (June 8, 1904).</subfield></datafield><datafield ind1=" " ind2=" " tag="500"><subfield code="a">On Sunday published as: Sunday journal, Nov. 2, 1884-June 5, 1904.</subfield></datafield><datafield ind1=" " ind2=" " tag="500"><subfield code="a">"Republican."</subfield></datafield><datafield ind1=" " ind2=" " tag="530"><subfield code="a">Also issued on microfilm from the Library of Congress, Photoduplication Service.</subfield></datafield><datafield ind1=" " ind2=" " tag="530"><subfield code="a">Archived issues are available in digital format as part of the Library of Congress Chronicling America online collection.</subfield></datafield><datafield ind1=" " ind2=" " tag="580"><subfield code="a">Weekly eds.: Indiana State journal (Indianapolis, Ind. : 1866), 1867-1870, and: Weekly Indiana State journal (Indianapolis, Ind. : 1871), 1871-1875, and: Indiana State journal (Indianapolis, Ind. : 1875), 1875-1904.</subfield></datafield><datafield ind1=" " ind2=" " tag="580"><subfield code="a">Semiweekly ed.: Indianapolis journal (Indianapolis, Ind. : Semiweekly), 1868.</subfield></datafield><datafield ind1=" " ind2=" " tag="580"><subfield code="a">Evening eds.: Evening journal (Indianapolis, Ind.), 1871-1873, and: Indianapolis evening journal, 1873-&lt;1874&gt;.</subfield></datafield><datafield ind1=" " ind2="0" tag="651"><subfield code="a">Indianapolis (Ind.)</subfield><subfield code="v">Newspapers.</subfield></datafield><datafield ind1=" " ind2="0" tag="651"><subfield code="a">Marion County (Ind.)</subfield><subfield code="v">Newspapers.</subfield></datafield><datafield ind1=" " ind2="7" tag="651"><subfield code="a">Indiana</subfield><subfield code="z">Indianapolis.</subfield><subfield code="2">fast</subfield><subfield code="0">(OCoLC)fst01205182</subfield></datafield><datafield ind1=" " ind2="7" tag="651"><subfield code="a">Indiana</subfield><subfield code="z">Marion County.</subfield><subfield code="2">fast</subfield><subfield code="0">(OCoLC)fst01213920</subfield></datafield><datafield ind1=" " ind2="7" tag="655"><subfield code="a">Newspapers.</subfield><subfield code="2">fast</subfield><subfield code="0">(OCoLC)fst01423814</subfield></datafield><datafield ind1=" " ind2=" " tag="752"><subfield code="a">United States</subfield><subfield code="b">Indiana</subfield><subfield code="c">Marion</subfield><subfield code="d">Indianapolis.</subfield></datafield><datafield ind1="1" ind2=" " tag="775"><subfield code="t">Evening journal (Indianapolis, Ind.)</subfield><subfield code="w">(DLC)sn 84023942</subfield><subfield code="w">(OCoLC)11099008</subfield></datafield><datafield ind1="1" ind2=" " tag="775"><subfield code="t">Indianapolis evening journal</subfield><subfield code="w">(DLC)sn 85047646</subfield><subfield code="w">(OCoLC)12872005</subfield></datafield><datafield ind1="1" ind2=" " tag="775"><subfield code="t">Indiana State journal (Indianapolis, Ind. : 1866)</subfield><subfield code="w">(DLC)sn 87056427</subfield><subfield code="w">(OCoLC)16310152</subfield></datafield><datafield ind1="1" ind2=" " tag="775"><subfield code="t">Weekly Indiana State journal (Indianapolis, Ind. : 1871)</subfield><subfield code="w">(DLC)sn 87056414</subfield><subfield code="w">(OCoLC)16310163</subfield></datafield><datafield ind1="1" ind2=" " tag="775"><subfield code="t">Indiana State journal (Indianapolis, Ind. : 1875)</subfield><subfield code="w">(DLC)sn 84023943</subfield><subfield code="w">(OCoLC)11100862</subfield></datafield><datafield ind1="1" ind2=" " tag="775"><subfield code="t">Indianapolis journal (Indianapolis, Ind. : Semiweekly)</subfield><subfield code="w">(DLC)sn 85047648</subfield><subfield code="w">(OCoLC)12874006</subfield></datafield><datafield ind1="0" ind2="8" tag="776"><subfield code="i">Online version:</subfield><subfield code="t">Indianapolis journal (Indianapolis, Ind. : Daily : Online)</subfield><subfield code="x">2332-0982</subfield><subfield code="w">(DLC)  2013272079</subfield><subfield code="w">(OCoLC)192107329</subfield></datafield><datafield ind1="0" ind2="0" tag="780"><subfield code="t">Indianapolis daily journal</subfield><subfield code="w">(DLC)sn 82015681</subfield><subfield code="w">(OCoLC)8811303</subfield></datafield><datafield ind1="0" ind2="5" tag="780"><subfield code="t">Indianapolis times (Indianapolis, Ind. : 1881)</subfield><subfield code="w">(DLC)sn 82014758</subfield><subfield code="w">(OCoLC)8790362</subfield></datafield><datafield ind1="0" ind2="4" tag="785"><subfield code="t">Indianapolis morning star</subfield><subfield code="g">June 1904</subfield><subfield code="w">(DLC)sn 82015665</subfield><subfield code="w">(OCoLC)8808033</subfield></datafield><datafield ind1="4" ind2="1" tag="856"><subfield code="u">http://www.loc.gov/chroniclingamerica/lccn/sn82015679/issues</subfield></datafield><datafield ind1="4" ind2="1" tag="856"><subfield code="u">https://access.newspaperarchive.com/us/indiana/indianapolis/indianapolis-daily-journal/</subfield></datafield><datafield ind1=" " ind2=" " tag="938"><subfield code="a">Kirtas Technologies, Inc.</subfield><subfield code="b">KRTS</subfield><subfield code="n">736080</subfield></datafield><datafield ind1="1" ind2=" " tag="029"><subfield code="a">AU@</subfield><subfield code="b">000020412981</subfield></datafield></record>